<record><leader>00000cas a2200000 a 4500</leader><controlfield tag="001">11878857</controlfield><controlfield tag="008">850403c19849999cauwr ne      0   a0eng c</controlfield><datafield ind1=" " ind2=" " tag="010"><subfield code="a">sn 85009822 </subfield></datafield><datafield ind1=" " ind2=" " tag="040"><subfield code="a">NSD</subfield><subfield code="b">eng</subfield><subfield code="c">NSD</subfield><subfield code="d">NST</subfield><subfield code="d">CNK</subfield><subfield code="d">OCL</subfield><subfield code="d">CNK</subfield><subfield code="d">OCLCQ</subfield><subfield code="d">CNK</subfield><subfield code="d">OCLCQ</subfield><subfield code="d">CNK</subfield><subfield code="d">OCLCF</subfield><subfield code="d">OCLCO</subfield></datafield><datafield ind1="1" ind2=" " tag="022"><subfield code="a">8750-8729</subfield><subfield code="l">8750-8729</subfield><subfield code="2">1</subfield></datafield><datafield ind1="1" ind2=" " tag="029"><subfield code="a">AU@</subfield><subfield code="b">000020370556</subfield></datafield><datafield ind1=" " ind2=" " tag="042"><subfield code="a">nsdp</subfield><subfield code="a">pcc</subfield></datafield><datafield ind1=" " ind2="4" tag="222"><subfield code="a">The Nevada County independent messenger</subfield></datafield><datafield ind1="0" ind2="4" tag="245"><subfield code="a">The Nevada County independent messenger.</subfield></datafield><datafield ind1="3" ind2="0" tag="246"><subfield code="a">Independent messenger</subfield></datafield><datafield ind1="1" ind2=" " tag="246"><subfield code="i">Published as:</subfield><subfield code="a">Mountain messenger and the independent messenger</subfield><subfield code="f">Apr. 9-June 11, 1987</subfield></datafield><datafield ind1=" " ind2=" " tag="260"><subfield code="a">Nevada City, Nev. County, Calif. :</subfield><subfield code="b">J. &amp; M. Roos</subfield></datafield><datafield ind1=" " ind2=" " tag="300"><subfield code="a">v.</subfield></datafield><datafield ind1=" " ind2=" " tag="310"><subfield code="a">Weekly</subfield></datafield><datafield ind1="0" ind2=" " tag="362"><subfield code="a">Vol. 130, no. 91 [i.e. 31] (Jan. 5, 1984)-</subfield></datafield><datafield ind1=" " ind2=" " tag="580"><subfield code="a">Temporarily joined with: Mountain messenger (Gibsonville, Calif.), to form: Mountain messenger and the independent messenger.</subfield></datafield><datafield ind1=" " ind2=" " tag="530"><subfield code="a">Master negatives are available for duplication from:</subfield><subfield code="b">California Newspaper Microfilm Archive;</subfield><subfield code="c">positive copies may be purchased by the reel; for further information consult the CNMA at:</subfield><subfield code="u">http://cbsr.ucr.edu</subfield></datafield><datafield ind1=" " ind2="0" tag="651"><subfield code="a">Nevada County (Calif.)</subfield><subfield code="v">Newspapers.</subfield></datafield><datafield ind1=" " ind2="7" tag="655"><subfield code="a">Newspapers.</subfield><subfield code="2">fast</subfield><subfield code="0">(OCoLC)fst01423814</subfield></datafield><datafield ind1=" " ind2="7" tag="651"><subfield code="a">California</subfield><subfield code="z">Nevada County.</subfield><subfield code="2">fast</subfield><subfield code="0">(OCoLC)fst01206058</subfield></datafield><datafield ind1=" " ind2=" " tag="752"><subfield code="a">United States</subfield><subfield code="b">California</subfield><subfield code="c">Nevada</subfield><subfield code="d">Nevada City.</subfield></datafield><datafield ind1="0" ind2="0" tag="780"><subfield code="t">Mountain messenger and the independent</subfield><subfield code="w">(DLC)sn 98061020</subfield></datafield><datafield ind1="1" ind2=" " tag="787"><subfield code="t">Mountain messenger (Gibsonville, Calif.)</subfield><subfield code="w">(DLC)sn 81005880</subfield></datafield></record>